@book{stephenson1998,
	author    = {G. Stephenson},
	title     = {Mathematical Methods for Science Students},
	isbn      = {0-582-44416-0},
	year      = {1998},
	language  = {English},
	publisher = {Longman}
}

@book{liesenMehrmann2015,
	author    = {J\"{o}rg Liesen and Volker Mehrmann},
	title     = {Lineare Algebra},
	isbn      = {978-3-658-06609-3},
	year      = {2015},
  language  = {German},
	publisher = {Springer Spektrum}
}